%YAML 1.1
%TAG !u! tag:unity3d.com,2011:
--- !u!1 &5433403458291618530
GameObject:
  m_ObjectHideFlags: 0
  m_CorrespondingSourceObject: {fileID: 0}
  m_PrefabInstance: {fileID: 0}
  m_PrefabAsset: {fileID: 0}
  serializedVersion: 6
  m_Component:
  - component: {fileID: 6523724570129470910}
  m_Layer: 7
  m_Name: PickUps (2)
  m_TagString: PickUpWeapon
  m_Icon: {fileID: 0}
  m_NavMeshLayer: 0
  m_StaticEditorFlags: 0
  m_IsActive: 1
--- !u!4 &6523724570129470910
Transform:
  m_ObjectHideFlags: 0
  m_CorrespondingSourceObject: {fileID: 0}
  m_PrefabInstance: {fileID: 0}
  m_PrefabAsset: {fileID: 0}
  m_GameObject: {fileID: 5433403458291618530}
  serializedVersion: 2
  m_LocalRotation: {x: 0, y: 0, z: 0, w: 1}
  m_LocalPosition: {x: 4.7807746, y: 1.24, z: 2.84}
  m_LocalScale: {x: 1, y: 1, z: 1}
  m_ConstrainProportionsScale: 0
  m_Children:
  - {fileID: 6782608520291133375}
  m_Father: {fileID: 0}
  m_LocalEulerAnglesHint: {x: 0, y: 0, z: 0}
--- !u!1 &6843959880402803579
GameObject:
  m_ObjectHideFlags: 0
  m_CorrespondingSourceObject: {fileID: 0}
  m_PrefabInstance: {fileID: 0}
  m_PrefabAsset: {fileID: 0}
  serializedVersion: 6
  m_Component:
  - component: {fileID: 6782608520291133375}
  - component: {fileID: 5325745825259043249}
  m_Layer: 7
  m_Name: Weapons
  m_TagString: Untagged
  m_Icon: {fileID: 0}
  m_NavMeshLayer: 0
  m_StaticEditorFlags: 0
  m_IsActive: 1
--- !u!4 &6782608520291133375
Transform:
  m_ObjectHideFlags: 0
  m_CorrespondingSourceObject: {fileID: 0}
  m_PrefabInstance: {fileID: 0}
  m_PrefabAsset: {fileID: 0}
  m_GameObject: {fileID: 6843959880402803579}
  serializedVersion: 2
  m_LocalRotation: {x: 0, y: 0, z: 0, w: 1}
  m_LocalPosition: {x: 0, y: 0, z: 0}
  m_LocalScale: {x: 1, y: 1, z: 1}
  m_ConstrainProportionsScale: 0
  m_Children:
  - {fileID: 7850082737294483373}
  - {fileID: 3212613812203839432}
  - {fileID: 773138313065816184}
  - {fileID: 7316491305955129637}
  m_Father: {fileID: 6523724570129470910}
  m_LocalEulerAnglesHint: {x: 0, y: 0, z: 0}
--- !u!95 &5325745825259043249
Animator:
  serializedVersion: 5
  m_ObjectHideFlags: 0
  m_CorrespondingSourceObject: {fileID: 0}
  m_PrefabInstance: {fileID: 0}
  m_PrefabAsset: {fileID: 0}
  m_GameObject: {fileID: 6843959880402803579}
  m_Enabled: 1
  m_Avatar: {fileID: 0}
  m_Controller: {fileID: 9100000, guid: 2adcb347fca7fd548988886f8a33262b, type: 2}
  m_CullingMode: 0
  m_UpdateMode: 0
  m_ApplyRootMotion: 0
  m_LinearVelocityBlending: 0
  m_StabilizeFeet: 0
  m_WarningMessage: 
  m_HasTransformHierarchy: 1
  m_AllowConstantClipSamplingOptimization: 1
  m_KeepAnimatorStateOnDisable: 0
  m_WriteDefaultValuesOnDisable: 0
--- !u!1001 &1767295029468910730
PrefabInstance:
  m_ObjectHideFlags: 0
  serializedVersion: 2
  m_Modification:
    serializedVersion: 3
    m_TransformParent: {fileID: 6782608520291133375}
    m_Modifications:
    - target: {fileID: 3748639835322594698, guid: d3e29921c42aeee44a083b0ecb939332, type: 3}
      propertyPath: m_Name
      value: SM_Wep_Pistol_01
      objectReference: {fileID: 0}
    - target: {fileID: 3748639835322594698, guid: d3e29921c42aeee44a083b0ecb939332, type: 3}
      propertyPath: m_Layer
      value: 7
      objectReference: {fileID: 0}
    - target: {fileID: 3748639835322594698, guid: d3e29921c42aeee44a083b0ecb939332, type: 3}
      propertyPath: m_TagString
      value: PickUpWeapon
      objectReference: {fileID: 0}
    - target: {fileID: 3749082968435798916, guid: d3e29921c42aeee44a083b0ecb939332, type: 3}
      propertyPath: m_Layer
      value: 7
      objectReference: {fileID: 0}
    - target: {fileID: 3752569734036622146, guid: d3e29921c42aeee44a083b0ecb939332, type: 3}
      propertyPath: m_LocalPosition.x
      value: 0
      objectReference: {fileID: 0}
    - target: {fileID: 3752569734036622146, guid: d3e29921c42aeee44a083b0ecb939332, type: 3}
      propertyPath: m_LocalPosition.y
      value: 0
      objectReference: {fileID: 0}
    - target: {fileID: 3752569734036622146, guid: d3e29921c42aeee44a083b0ecb939332, type: 3}
      propertyPath: m_LocalPosition.z
      value: 0
      objectReference: {fileID: 0}
    - target: {fileID: 3752569734036622146, guid: d3e29921c42aeee44a083b0ecb939332, type: 3}
      propertyPath: m_LocalRotation.w
      value: 1
      objectReference: {fileID: 0}
    - target: {fileID: 3752569734036622146, guid: d3e29921c42aeee44a083b0ecb939332, type: 3}
      propertyPath: m_LocalRotation.x
      value: -0
      objectReference: {fileID: 0}
    - target: {fileID: 3752569734036622146, guid: d3e29921c42aeee44a083b0ecb939332, type: 3}
      propertyPath: m_LocalRotation.y
      value: -0
      objectReference: {fileID: 0}
    - target: {fileID: 3752569734036622146, guid: d3e29921c42aeee44a083b0ecb939332, type: 3}
      propertyPath: m_LocalRotation.z
      value: -0
      objectReference: {fileID: 0}
    - target: {fileID: 3752569734036622146, guid: d3e29921c42aeee44a083b0ecb939332, type: 3}
      propertyPath: m_LocalEulerAnglesHint.x
      value: 0
      objectReference: {fileID: 0}
    - target: {fileID: 3752569734036622146, guid: d3e29921c42aeee44a083b0ecb939332, type: 3}
      propertyPath: m_LocalEulerAnglesHint.y
      value: 0
      objectReference: {fileID: 0}
    - target: {fileID: 3752569734036622146, guid: d3e29921c42aeee44a083b0ecb939332, type: 3}
      propertyPath: m_LocalEulerAnglesHint.z
      value: 0
      objectReference: {fileID: 0}
    - target: {fileID: 3811844478213161402, guid: d3e29921c42aeee44a083b0ecb939332, type: 3}
      propertyPath: m_IsTrigger
      value: 1
      objectReference: {fileID: 0}
    m_RemovedComponents: []
    m_RemovedGameObjects: []
    m_AddedGameObjects: []
    m_AddedComponents:
    - targetCorrespondingSourceObject: {fileID: 3748639835322594698, guid: d3e29921c42aeee44a083b0ecb939332, type: 3}
      insertIndex: -1
      addedObject: {fileID: 8429067190246036889}
    - targetCorrespondingSourceObject: {fileID: 3748639835322594698, guid: d3e29921c42aeee44a083b0ecb939332, type: 3}
      insertIndex: -1
      addedObject: {fileID: 7775909980553342028}
  m_SourcePrefab: {fileID: 100100000, guid: d3e29921c42aeee44a083b0ecb939332, type: 3}
--- !u!1 &3207523248900595968 stripped
GameObject:
  m_CorrespondingSourceObject: {fileID: 3748639835322594698, guid: d3e29921c42aeee44a083b0ecb939332, type: 3}
  m_PrefabInstance: {fileID: 1767295029468910730}
  m_PrefabAsset: {fileID: 0}
--- !u!114 &8429067190246036889
MonoBehaviour:
  m_ObjectHideFlags: 0
  m_CorrespondingSourceObject: {fileID: 0}
  m_PrefabInstance: {fileID: 0}
  m_PrefabAsset: {fileID: 0}
  m_GameObject: {fileID: 3207523248900595968}
  m_Enabled: 1
  m_EditorHideFlags: 0
  m_Script: {fileID: 11500000, guid: 0c892c81dedc0cd4f97b8657cd97e718, type: 3}
  m_Name: 
  m_EditorClassIdentifier: 
  type: 2
  gunDMG: 15
  gunAmmoActual: 9
  gunMaxAmmo: 18
  gunReloadTime: 1
  gunVelocityMovement: 0.8
  gunIndex: 0
--- !u!65 &7775909980553342028
BoxCollider:
  m_ObjectHideFlags: 0
  m_CorrespondingSourceObject: {fileID: 0}
  m_PrefabInstance: {fileID: 0}
  m_PrefabAsset: {fileID: 0}
  m_GameObject: {fileID: 3207523248900595968}
  m_Material: {fileID: 0}
  m_IncludeLayers:
    serializedVersion: 2
    m_Bits: 0
  m_ExcludeLayers:
    serializedVersion: 2
    m_Bits: 0
  m_LayerOverridePriority: 0
  m_IsTrigger: 1
  m_ProvidesContacts: 0
  m_Enabled: 1
  serializedVersion: 3
  m_Size: {x: 1.1796756, y: 2.7248898, z: 1.0591917}
  m_Center: {x: -0.010632753, y: 0.3237908, z: 0.0034093857}
--- !u!4 &3212613812203839432 stripped
Transform:
  m_CorrespondingSourceObject: {fileID: 3752569734036622146, guid: d3e29921c42aeee44a083b0ecb939332, type: 3}
  m_PrefabInstance: {fileID: 1767295029468910730}
  m_PrefabAsset: {fileID: 0}
--- !u!1001 &3663810367685146624
PrefabInstance:
  m_ObjectHideFlags: 0
  serializedVersion: 2
  m_Modification:
    serializedVersion: 3
    m_TransformParent: {fileID: 6782608520291133375}
    m_Modifications:
    - target: {fileID: 6783365245487383681, guid: 6d22fb8d5b66ea240bddfea2d40028aa, type: 3}
      propertyPath: m_Layer
      value: 7
      objectReference: {fileID: 0}
    - target: {fileID: 6783842337210036357, guid: 6d22fb8d5b66ea240bddfea2d40028aa, type: 3}
      propertyPath: m_Name
      value: SM_Wep_Rifle_01
      objectReference: {fileID: 0}
    - target: {fileID: 6783842337210036357, guid: 6d22fb8d5b66ea240bddfea2d40028aa, type: 3}
      propertyPath: m_Layer
      value: 7
      objectReference: {fileID: 0}
    - target: {fileID: 6783842337210036357, guid: 6d22fb8d5b66ea240bddfea2d40028aa, type: 3}
      propertyPath: m_IsActive
      value: 0
      objectReference: {fileID: 0}
    - target: {fileID: 6783842337210036357, guid: 6d22fb8d5b66ea240bddfea2d40028aa, type: 3}
      propertyPath: m_TagString
      value: PickUpWeapon
      objectReference: {fileID: 0}
    - target: {fileID: 6783947633180035549, guid: 6d22fb8d5b66ea240bddfea2d40028aa, type: 3}
      propertyPath: m_Layer
      value: 7
      objectReference: {fileID: 0}
    - target: {fileID: 6785060649880332205, guid: 6d22fb8d5b66ea240bddfea2d40028aa, type: 3}
      propertyPath: m_LocalPosition.x
      value: 0
      objectReference: {fileID: 0}
    - target: {fileID: 6785060649880332205, guid: 6d22fb8d5b66ea240bddfea2d40028aa, type: 3}
      propertyPath: m_LocalPosition.y
      value: 0
      objectReference: {fileID: 0}
    - target: {fileID: 6785060649880332205, guid: 6d22fb8d5b66ea240bddfea2d40028aa, type: 3}
      propertyPath: m_LocalPosition.z
      value: 0
      objectReference: {fileID: 0}
    - target: {fileID: 6785060649880332205, guid: 6d22fb8d5b66ea240bddfea2d40028aa, type: 3}
      propertyPath: m_LocalRotation.w
      value: 1
      objectReference: {fileID: 0}
    - target: {fileID: 6785060649880332205, guid: 6d22fb8d5b66ea240bddfea2d40028aa, type: 3}
      propertyPath: m_LocalRotation.x
      value: -0
      objectReference: {fileID: 0}
    - target: {fileID: 6785060649880332205, guid: 6d22fb8d5b66ea240bddfea2d40028aa, type: 3}
      propertyPath: m_LocalRotation.y
      value: -0
      objectReference: {fileID: 0}
    - target: {fileID: 6785060649880332205, guid: 6d22fb8d5b66ea240bddfea2d40028aa, type: 3}
      propertyPath: m_LocalRotation.z
      value: -0
      objectReference: {fileID: 0}
    - target: {fileID: 6785060649880332205, guid: 6d22fb8d5b66ea240bddfea2d40028aa, type: 3}
      propertyPath: m_LocalEulerAnglesHint.x
      value: 0
      objectReference: {fileID: 0}
    - target: {fileID: 6785060649880332205, guid: 6d22fb8d5b66ea240bddfea2d40028aa, type: 3}
      propertyPath: m_LocalEulerAnglesHint.y
      value: 0
      objectReference: {fileID: 0}
    - target: {fileID: 6785060649880332205, guid: 6d22fb8d5b66ea240bddfea2d40028aa, type: 3}
      propertyPath: m_LocalEulerAnglesHint.z
      value: 0
      objectReference: {fileID: 0}
    - target: {fileID: 6827653019720409401, guid: 6d22fb8d5b66ea240bddfea2d40028aa, type: 3}
      propertyPath: m_IsTrigger
      value: 1
      objectReference: {fileID: 0}
    m_RemovedComponents: []
    m_RemovedGameObjects: []
    m_AddedGameObjects: []
    m_AddedComponents:
    - targetCorrespondingSourceObject: {fileID: 6783842337210036357, guid: 6d22fb8d5b66ea240bddfea2d40028aa, type: 3}
      insertIndex: -1
      addedObject: {fileID: 2581128791348224177}
    - targetCorrespondingSourceObject: {fileID: 6783842337210036357, guid: 6d22fb8d5b66ea240bddfea2d40028aa, type: 3}
      insertIndex: -1
      addedObject: {fileID: 8903280233657843308}
  m_SourcePrefab: {fileID: 100100000, guid: 6d22fb8d5b66ea240bddfea2d40028aa, type: 3}
--- !u!4 &7850082737294483373 stripped
Transform:
  m_CorrespondingSourceObject: {fileID: 6785060649880332205, guid: 6d22fb8d5b66ea240bddfea2d40028aa, type: 3}
  m_PrefabInstance: {fileID: 3663810367685146624}
  m_PrefabAsset: {fileID: 0}
--- !u!1 &7853561658624231557 stripped
GameObject:
  m_CorrespondingSourceObject: {fileID: 6783842337210036357, guid: 6d22fb8d5b66ea240bddfea2d40028aa, type: 3}
  m_PrefabInstance: {fileID: 3663810367685146624}
  m_PrefabAsset: {fileID: 0}
--- !u!114 &2581128791348224177
MonoBehaviour:
  m_ObjectHideFlags: 0
  m_CorrespondingSourceObject: {fileID: 0}
  m_PrefabInstance: {fileID: 0}
  m_PrefabAsset: {fileID: 0}
  m_GameObject: {fileID: 7853561658624231557}
  m_Enabled: 1
  m_EditorHideFlags: 0
  m_Script: {fileID: 11500000, guid: 0c892c81dedc0cd4f97b8657cd97e718, type: 3}
  m_Name: 
  m_EditorClassIdentifier: 
  type: 0
  gunDMG: 25
  gunAmmoActual: 20
  gunMaxAmmo: 20
  gunReloadTime: 2
  gunVelocityMovement: 0.7
  gunIndex: 0
--- !u!65 &8903280233657843308
BoxCollider:
  m_ObjectHideFlags: 0
  m_CorrespondingSourceObject: {fileID: 0}
  m_PrefabInstance: {fileID: 0}
  m_PrefabAsset: {fileID: 0}
  m_GameObject: {fileID: 7853561658624231557}
  m_Material: {fileID: 0}
  m_IncludeLayers:
    serializedVersion: 2
    m_Bits: 0
  m_ExcludeLayers:
    serializedVersion: 2
    m_Bits: 0
  m_LayerOverridePriority: 0
  m_IsTrigger: 1
  m_ProvidesContacts: 0
  m_Enabled: 1
  serializedVersion: 3
  m_Size: {x: 1.1796756, y: 2.7248898, z: 1.0591917}
  m_Center: {x: -0.010632753, y: 0.3237908, z: 0.0034093857}
--- !u!1001 &5559486506988529177
PrefabInstance:
  m_ObjectHideFlags: 0
  serializedVersion: 2
  m_Modification:
    serializedVersion: 3
    m_TransformParent: {fileID: 6782608520291133375}
    m_Modifications:
    - target: {fileID: 5145727276858733515, guid: 8574ae18e65c819438ebc058b6729c60, type: 3}
      propertyPath: m_IsTrigger
      value: 1
      objectReference: {fileID: 0}
    - target: {fileID: 5154592963305394907, guid: 8574ae18e65c819438ebc058b6729c60, type: 3}
      propertyPath: m_Name
      value: SM_Wep_Sword_01
      objectReference: {fileID: 0}
    - target: {fileID: 5154592963305394907, guid: 8574ae18e65c819438ebc058b6729c60, type: 3}
      propertyPath: m_Layer
      value: 7
      objectReference: {fileID: 0}
    - target: {fileID: 5154592963305394907, guid: 8574ae18e65c819438ebc058b6729c60, type: 3}
      propertyPath: m_IsActive
      value: 0
      objectReference: {fileID: 0}
    - target: {fileID: 5154592963305394907, guid: 8574ae18e65c819438ebc058b6729c60, type: 3}
      propertyPath: m_TagString
      value: PickUpWeapon
      objectReference: {fileID: 0}
    - target: {fileID: 5154745880119064675, guid: 8574ae18e65c819438ebc058b6729c60, type: 3}
      propertyPath: m_Layer
      value: 7
      objectReference: {fileID: 0}
    - target: {fileID: 5160560809401157217, guid: 8574ae18e65c819438ebc058b6729c60, type: 3}
      propertyPath: m_LocalPosition.x
      value: 0
      objectReference: {fileID: 0}
    - target: {fileID: 5160560809401157217, guid: 8574ae18e65c819438ebc058b6729c60, type: 3}
      propertyPath: m_LocalPosition.y
      value: 0
      objectReference: {fileID: 0}
    - target: {fileID: 5160560809401157217, guid: 8574ae18e65c819438ebc058b6729c60, type: 3}
      propertyPath: m_LocalPosition.z
      value: 0
      objectReference: {fileID: 0}
    - target: {fileID: 5160560809401157217, guid: 8574ae18e65c819438ebc058b6729c60, type: 3}
      propertyPath: m_LocalRotation.w
      value: 1
      objectReference: {fileID: 0}
    - target: {fileID: 5160560809401157217, guid: 8574ae18e65c819438ebc058b6729c60, type: 3}
      propertyPath: m_LocalRotation.x
      value: -0
      objectReference: {fileID: 0}
    - target: {fileID: 5160560809401157217, guid: 8574ae18e65c819438ebc058b6729c60, type: 3}
      propertyPath: m_LocalRotation.y
      value: -0
      objectReference: {fileID: 0}
    - target: {fileID: 5160560809401157217, guid: 8574ae18e65c819438ebc058b6729c60, type: 3}
      propertyPath: m_LocalRotation.z
      value: -0
      objectReference: {fileID: 0}
    - target: {fileID: 5160560809401157217, guid: 8574ae18e65c819438ebc058b6729c60, type: 3}
      propertyPath: m_LocalEulerAnglesHint.x
      value: 0
      objectReference: {fileID: 0}
    - target: {fileID: 5160560809401157217, guid: 8574ae18e65c819438ebc058b6729c60, type: 3}
      propertyPath: m_LocalEulerAnglesHint.y
      value: 0
      objectReference: {fileID: 0}
    - target: {fileID: 5160560809401157217, guid: 8574ae18e65c819438ebc058b6729c60, type: 3}
      propertyPath: m_LocalEulerAnglesHint.z
      value: 0
      objectReference: {fileID: 0}
    m_RemovedComponents: []
    m_RemovedGameObjects: []
    m_AddedGameObjects: []
    m_AddedComponents:
    - targetCorrespondingSourceObject: {fileID: 5154592963305394907, guid: 8574ae18e65c819438ebc058b6729c60, type: 3}
      insertIndex: -1
      addedObject: {fileID: 7234400766130530222}
    - targetCorrespondingSourceObject: {fileID: 5154592963305394907, guid: 8574ae18e65c819438ebc058b6729c60, type: 3}
      insertIndex: -1
      addedObject: {fileID: 2366705291830079425}
  m_SourcePrefab: {fileID: 100100000, guid: 8574ae18e65c819438ebc058b6729c60, type: 3}
--- !u!1 &769985212563797186 stripped
GameObject:
  m_CorrespondingSourceObject: {fileID: 5154592963305394907, guid: 8574ae18e65c819438ebc058b6729c60, type: 3}
  m_PrefabInstance: {fileID: 5559486506988529177}
  m_PrefabAsset: {fileID: 0}
--- !u!114 &7234400766130530222
MonoBehaviour:
  m_ObjectHideFlags: 0
  m_CorrespondingSourceObject: {fileID: 0}
  m_PrefabInstance: {fileID: 0}
  m_PrefabAsset: {fileID: 0}
  m_GameObject: {fileID: 769985212563797186}
  m_Enabled: 1
  m_EditorHideFlags: 0
  m_Script: {fileID: 11500000, guid: 0c892c81dedc0cd4f97b8657cd97e718, type: 3}
  m_Name: 
  m_EditorClassIdentifier: 
  type: 3
  gunDMG: 35
  gunAmmoActual: 0
  gunMaxAmmo: 0
  gunReloadTime: 0
  gunVelocityMovement: 1.5
  gunIndex: 0
--- !u!65 &2366705291830079425
BoxCollider:
  m_ObjectHideFlags: 0
  m_CorrespondingSourceObject: {fileID: 0}
  m_PrefabInstance: {fileID: 0}
  m_PrefabAsset: {fileID: 0}
  m_GameObject: {fileID: 769985212563797186}
  m_Material: {fileID: 0}
  m_IncludeLayers:
    serializedVersion: 2
    m_Bits: 0
  m_ExcludeLayers:
    serializedVersion: 2
    m_Bits: 0
  m_LayerOverridePriority: 0
  m_IsTrigger: 1
  m_ProvidesContacts: 0
  m_Enabled: 1
  serializedVersion: 3
  m_Size: {x: 1.1796756, y: 2.7248898, z: 1.0591917}
  m_Center: {x: -0.010632753, y: 0.3237908, z: 0.0034093857}
--- !u!4 &773138313065816184 stripped
Transform:
  m_CorrespondingSourceObject: {fileID: 5160560809401157217, guid: 8574ae18e65c819438ebc058b6729c60, type: 3}
  m_PrefabInstance: {fileID: 5559486506988529177}
  m_PrefabAsset: {fileID: 0}
--- !u!1001 &7315811244988072089
PrefabInstance:
  m_ObjectHideFlags: 0
  serializedVersion: 2
  m_Modification:
    serializedVersion: 3
    m_TransformParent: {fileID: 6782608520291133375}
    m_Modifications:
    - target: {fileID: 1220897357698708, guid: 17d88c4d7b51e9b46a8656ed6fb5cd94, type: 3}
      propertyPath: m_Name
      value: SM_Prop_Solar_Hex_01
      objectReference: {fileID: 0}
    - target: {fileID: 4395319355963836, guid: 17d88c4d7b51e9b46a8656ed6fb5cd94, type: 3}
      propertyPath: m_LocalPosition.x
      value: 0
      objectReference: {fileID: 0}
    - target: {fileID: 4395319355963836, guid: 17d88c4d7b51e9b46a8656ed6fb5cd94, type: 3}
      propertyPath: m_LocalPosition.y
      value: -1.5
      objectReference: {fileID: 0}
    - target: {fileID: 4395319355963836, guid: 17d88c4d7b51e9b46a8656ed6fb5cd94, type: 3}
      propertyPath: m_LocalPosition.z
      value: 0
      objectReference: {fileID: 0}
    - target: {fileID: 4395319355963836, guid: 17d88c4d7b51e9b46a8656ed6fb5cd94, type: 3}
      propertyPath: m_LocalRotation.w
      value: 1
      objectReference: {fileID: 0}
    - target: {fileID: 4395319355963836, guid: 17d88c4d7b51e9b46a8656ed6fb5cd94, type: 3}
      propertyPath: m_LocalRotation.x
      value: 0
      objectReference: {fileID: 0}
    - target: {fileID: 4395319355963836, guid: 17d88c4d7b51e9b46a8656ed6fb5cd94, type: 3}
      propertyPath: m_LocalRotation.y
      value: -0
      objectReference: {fileID: 0}
    - target: {fileID: 4395319355963836, guid: 17d88c4d7b51e9b46a8656ed6fb5cd94, type: 3}
      propertyPath: m_LocalRotation.z
      value: -0
      objectReference: {fileID: 0}
    - target: {fileID: 4395319355963836, guid: 17d88c4d7b51e9b46a8656ed6fb5cd94, type: 3}
      propertyPath: m_LocalEulerAnglesHint.x
      value: 0
      objectReference: {fileID: 0}
    - target: {fileID: 4395319355963836, guid: 17d88c4d7b51e9b46a8656ed6fb5cd94, type: 3}
      propertyPath: m_LocalEulerAnglesHint.y
      value: 0
      objectReference: {fileID: 0}
    - target: {fileID: 4395319355963836, guid: 17d88c4d7b51e9b46a8656ed6fb5cd94, type: 3}
      propertyPath: m_LocalEulerAnglesHint.z
      value: 0
      objectReference: {fileID: 0}
    - target: {fileID: 64716607262298898, guid: 17d88c4d7b51e9b46a8656ed6fb5cd94, type: 3}
      propertyPath: m_IsTrigger
      value: 1
      objectReference: {fileID: 0}
    m_RemovedComponents: []
    m_RemovedGameObjects: []
    m_AddedGameObjects: []
    m_AddedComponents: []
  m_SourcePrefab: {fileID: 100100000, guid: 17d88c4d7b51e9b46a8656ed6fb5cd94, type: 3}
--- !u!4 &7316491305955129637 stripped
Transform:
  m_CorrespondingSourceObject: {fileID: 4395319355963836, guid: 17d88c4d7b51e9b46a8656ed6fb5cd94, type: 3}
  m_PrefabInstance: {fileID: 7315811244988072089}
  m_PrefabAsset: {fileID: 0}
